@misc{aria,
howpublished = {\url{http://aria42.com/blog/2014/12/understanding-lbfgs}},
}

@misc{backline,
howpublished = {\url{https://www.cs.cmu.edu/~ggordon/10725-F12/slides/05-gd-revisited.pdf}},
}
@article{parish2016paradigm,
  title={A paradigm for data-driven predictive modeling using field inversion and machine learning},
  author={Parish, Eric J and Duraisamy, Karthik},
  journal={Journal of Computational Physics},
  volume={305},
  pages={758--774},
  year={2016},
  publisher={Elsevier}
}

@book{tarantola2005inverse,
  title={Inverse problem theory and methods for model parameter estimation},
  author={Tarantola, Albert},
  year={2005},
  publisher={SIAM}
}