%% Fundamental articles, links or books
@article{parish2016paradigm,
  title={A paradigm for data-driven predictive modeling using field inversion and machine learning},
  author={Parish, Eric J and Duraisamy, Karthik},
  journal={Journal of Computational Physics},
  volume={305},
  pages={758--774},
  year={2016},
  publisher={Elsevier}
}

@article{singh2017machine,
  title={Machine-Learning-Augmented Predictive Modeling of Turbulent Separated Flows over Airfoils},
  author={Singh, Anand Pratap and Medida, Shivaji and Duraisamy, Karthik},
  journal={AIAA Journal},
  year={2017},
  publisher={American Institute of Aeronautics and Astronautics}
}
@misc{gitScipy,
	howpublished = {\url{https://github.com/scipy/scipy}},
}

@book{rasmussen2006gaussian,
  title={Gaussian processes for machine learning},
  author={Rasmussen, Carl Edward and Williams, Christopher KI},
  volume={1},
  year={2006},
  publisher={MIT press Cambridge}
}

@misc{muller2016introduction,
  title={Introduction to machine learning with Python: a guide for data scientists},
  author={M{\"u}ller, Andreas C and Guido, Sarah},
  year={2016},
  publisher={O'Reilly Media Sebastopol, CA}
}
%% Probabilites : theory and algorithm
% Inversion 
@book{tarantola2005inverse,
  title={Inverse problem theory and methods for model parameter estimation},
  author={Tarantola, Albert},
  year={2005},
  publisher={SIAM},
}
% Proba
@misc{motefiore,
howpublished = {\url{http://www.montefiore.ulg.ac.be/~lwh/Probas/notes-probas-avril-2013-v4.pdf}},
}
%% BFGS
% 
@book{nocedal2006numerical,
  title={Numerical optimization},
  author={Nocedal, Jorge and Wright, Stephen},
  year={2006},
  publisher={Springer Science \& Business Media}
}
@misc{aria,
howpublished = {\url{http://aria42.com/blog/2014/12/understanding-lbfgs}},
}

@misc{backline,
howpublished = {\url{https://www.cs.cmu.edu/~ggordon/10725-F12/slides/05-gd-revisited.pdf}},
}


% Non classes : a lire ou a relire

% Chapitre 1 pour revoir les echelles et les etats de la turbulence
@phdthesis{weatheritt2015development,
  title={The development of data driven approaches to further turbulence closures},
  author={Weatheritt, Jack},
  year={2015},
  school={University of Southampton}
}
