%% Fundamental articles, links or books
@article{parish2016paradigm,
  title={A paradigm for data-driven predictive modeling using field inversion and machine learning},
  author={Parish, Eric J and Duraisamy, Karthik},
  journal={Journal of Computational Physics},
  volume={305},
  pages={758--774},
  year={2016},
  publisher={Elsevier}
}

@article{singh2017machine,
  title={Machine-Learning-Augmented Predictive Modeling of Turbulent Separated Flows over Airfoils},
  author={Singh, Anand Pratap and Medida, Shivaji and Duraisamy, Karthik},
  journal={AIAA Journal},
  year={2017},
  publisher={American Institute of Aeronautics and Astronautics}
}
@misc{gitScipy,
	howpublished = {\url{https://github.com/scipy/scipy}},
}

@book{rasmussen2006gaussian,
  title={Gaussian processes for machine learning},
  author={Rasmussen, Carl Edward and Williams, Christopher KI},
  volume={1},
  year={2006},
  publisher={MIT press Cambridge}
}

@misc{muller2016introduction,
  title={Introduction to machine learning with Python: a guide for data scientists},
  author={M{\"u}ller, Andreas C and Guido, Sarah},
  year={2016},
  publisher={O'Reilly Media Sebastopol, CA}
}
%% Probabilites : theory and algorithm
% Inversion 
@book{tarantola2005inverse,
  title={Inverse problem theory and methods for model parameter estimation},
  author={Tarantola, Albert},
  year={2005},
  publisher={SIAM},
}
% Proba
@misc{motefiore,
howpublished = {\url{http://www.montefiore.ulg.ac.be/~lwh/Probas/notes-probas-avril-2013-v4.pdf}},
}
%% BFGS
% 
@book{nocedal2006numerical,
  title={Numerical optimization},
  author={Nocedal, Jorge and Wright, Stephen},
  year={2006},
  publisher={Springer Science \& Business Media}
}
@misc{aria,
howpublished = {\url{http://aria42.com/blog/2014/12/understanding-lbfgs}},
}

@misc{backline,
howpublished = {\url{https://www.cs.cmu.edu/~ggordon/10725-F12/slides/05-gd-revisited.pdf}},
}


% Non classes : a lire ou a relire

% Chapitre 1 pour revoir les echelles et les etats de la turbulence
@phdthesis{weatheritt2015development,
  title={The development of data driven approaches to further turbulence closures},
  author={Weatheritt, Jack},
  year={2015},
  school={University of Southampton}
}
@article{milano2002neural,
  title={Neural network modeling for near wall turbulent flow},
  author={Milano, Michele and Koumoutsakos, Petros},
  journal={Journal of Computational Physics},
  volume={182},
  number={1},
  pages={1--26},
  year={2002},
  publisher={Elsevier},
}
@inproceedings{tracey2013application,
  title={Application of supervised learning to quantify uncertainties in turbulence and combustion modeling},
  author={Tracey, Brendan and Duraisamy, Karthik and Alonso, Juan},
  booktitle={51st AIAA Aerospace Sciences Meeting including the New Horizons Forum and Aerospace Exposition},
  pages={259},
  year={2013}
}
@inproceedings{tracey2015machine,
  title={A machine learning strategy to assist turbulence model development},
  author={Tracey, Brendan D and Duraisamy, Karthikeyan and Alonso, Juan J},
  booktitle={53rd AIAA Aerospace Sciences Meeting},
  pages={1287},
  year={2015}
}

@inproceedings{zhang2015machine,
  title={Machine learning methods for data-driven turbulence modeling},
  author={Zhang, Ze Jia and Duraisamy, Karthikeyan},
  booktitle={22nd AIAA Computational Fluid Dynamics Conference},
  pages={2460},
  year={2015}
}
@inproceedings{duraisamy2015new,
  title={New approaches in turbulence and transition modeling using data-driven techniques},
  author={Duraisamy, Karthikeyan and Zhang, Ze J and Singh, Anand Pratap},
  booktitle={53rd AIAA Aerospace Sciences Meeting},
  pages={1284},
  year={2015}
}
@article{ling2015evaluation,
  title={Evaluation of machine learning algorithms for prediction of regions of high Reynolds averaged Navier Stokes uncertainty},
  author={Ling, Julia and Templeton, J},
  journal={Physics of Fluids},
  volume={27},
  number={8},
  pages={085103},
  year={2015},
  publisher={AIP Publishing}
}
@article{ling2016machine,
  title={Machine learning strategies for systems with invariance properties},
  author={Ling, Julia and Jones, Reese and Templeton, Jeremy},
  journal={Journal of Computational Physics},
  volume={318},
  pages={22--35},
  year={2016},
  publisher={Elsevier}
}
@article{ling2016reynolds,
  title={Reynolds averaged turbulence modelling using deep neural networks with embedded invariance},
  author={Ling, Julia and Kurzawski, Andrew and Templeton, Jeremy},
  journal={Journal of Fluid Mechanics},
  volume={807},
  pages={155--166},
  year={2016},
  publisher={Cambridge University Press}
}
@article{kohavi1997wrappers,
  title={Wrappers for feature subset selection},
  author={Kohavi, Ron and John, George H},
  journal={Artificial intelligence},
  volume={97},
  number={1-2},
  pages={273--324},
  year={1997},
  publisher={Elsevier}
}
@article{LEFIK20033265,
title = "Artificial neural network as an incremental non-linear constitutive model for a finite element code",
journal = "Computer Methods in Applied Mechanics and Engineering",
volume = "192",
number = "28",
pages = "3265 - 3283",
year = "2003",
note = "Multiscale Computational Mechanics for Materials and Structures",
issn = "0045-7825",
doi = "https://doi.org/10.1016/S0045-7825(03)00350-5",
url = "http://www.sciencedirect.com/science/article/pii/S0045782503003505",
author = "M. Lefik and B.A. Schrefler",
keywords = "Artificial neural network, Constitutive modelling, Finite elements method"
}
@article{kutz2017deep,
  title={Deep learning in fluid dynamics},
  author={Kutz, J Nathan},
  journal={Journal of Fluid Mechanics},
  volume={814},
  pages={1--4},
  year={2017},
  publisher={Cambridge University Press}
}

@article{pope1975more,
  title={A more general effective-viscosity hypothesis},
  author={Pope, SB},
  journal={Journal of Fluid Mechanics},
  volume={72},
  number={2},
  pages={331--340},
  year={1975},
  publisher={Cambridge University Press}
}
@article{smith1965isotropic,
  title={On isotropic integrity bases},
  author={Smith, GF},
  journal={Archive for rational mechanics and analysis},
  volume={18},
  number={4},
  pages={282--292},
  year={1965},
  publisher={Springer}
}

@article{wu2018data,
  title={Data-Driven Augmentation of Turbulence Models with Physics-Informed Machine Learning},
  author={Wu, Jin-Long and Xiao, Heng and Paterson, Eric},
  journal={arXiv preprint arXiv:1801.02762},
  year={2018}
}
@article{wang2017physics,
  title={Physics-informed machine learning approach for reconstructing Reynolds stress modeling discrepancies based on DNS data},
  author={Wang, Jian-Xun and Wu, Jin-Long and Xiao, Heng},
  journal={Physical Review Fluids},
  volume={2},
  number={3},
  pages={034603},
  year={2017},
  publisher={APS}
}
